<record><leader>00000cas a22000007a 4500</leader><controlfield tag="001">25540140</controlfield><controlfield tag="008">920327d19241924scuwr ne      0    0eng d</controlfield><datafield ind1=" " ind2=" " tag="010"><subfield code="a">sn 92065490 </subfield></datafield><datafield ind1=" " ind2=" " tag="040"><subfield code="a">SVN</subfield><subfield code="b">eng</subfield><subfield code="c">SVN</subfield><subfield code="d">OCLCQ</subfield></datafield><datafield ind1=" " ind2=" " tag="042"><subfield code="a">msc</subfield></datafield><datafield ind1="0" ind2="4" tag="245"><subfield code="a">The Southern headlight.</subfield></datafield><datafield ind1=" " ind2=" " tag="260"><subfield code="a">Batesburg, S.C. :</subfield><subfield code="b">W.L. Spinks</subfield></datafield><datafield ind1=" " ind2=" " tag="300"><subfield code="a">v.</subfield></datafield><datafield ind1=" " ind2=" " tag="310"><subfield code="a">Weekly</subfield></datafield><datafield ind1="1" ind2=" " tag="362"><subfield code="a">Began in 1924; ceased in 1924.</subfield></datafield><datafield ind1=" " ind2=" " tag="588"><subfield code="a">Description based on: Vol. 1, no. 3 (Mar. 24, 1924).</subfield></datafield><datafield ind1=" " ind2="4" tag="651"><subfield code="a">Lexington County (S.C.)</subfield><subfield code="v">Newspapers.</subfield></datafield><datafield ind1=" " ind2=" " tag="752"><subfield code="a">United States</subfield><subfield code="b">South Carolina</subfield><subfield code="c">Lexington</subfield><subfield code="d">Batesburg.</subfield></datafield><datafield ind1="0" ind2="0" tag="785"><subfield code="t">Summerland headlight</subfield><subfield code="w">(DLC)sn 86063788</subfield></datafield><datafield ind1="1" ind2=" " tag="029"><subfield code="a">AU@</subfield><subfield code="b">000020701548</subfield></datafield></record>